@book{toth2014vehicle,
  author    = {Toth, P. and Vigo, D.},
  title     = {Vehicle routing: Problems, Methods, and Applications},
  edition   = {Second Edition},
  year      = {2014},
  publisher = {SIAM},
  address   = {Philadelphia}
}
